@book{Sutton1998IntroductionTR,
  title={Introduction to Reinforcement Learning},
  author={Richard S. Sutton and Andrew G. Barto},
  year={1998}
}
@book{Bertsekas1995DynamicPA,
  title={Dynamic Programming and Optimal Control},
  author={Dimitri P. Bertsekas},
  year={1995}
}
@article{Balestriero2019TheGO,
  title={The Geometry of Deep Networks: Power Diagram Subdivision},
  author={Randall Balestriero and Romain Cosentino and Behnaam Aazhang and Richard G. Baraniuk},
  journal={ArXiv},
  year={2019},
  volume={abs/1905.08443}
}
@book{de1997computational,
  title={Computational geometry},
  author={De Berg, Mark and Van Kreveld, Marc and Overmars, Mark and Schwarzkopf, Otfried},
  booktitle={Computational Geometry},
  year={1997},
  publisher={Springer}
}
@book{khalil2002nonlinear,
  title={Nonlinear Systems},
  author={Khalil, Hassan K},
  publisher = "Prentice Hall",
  year={2002}
}
@article{Rubagotti2012StabilityAO,
  title={Stability analysis of discrete-time piecewise-affine systems over non-invariant domains},
  author={Matteo Rubagotti and L. Zaccarian and A. Bemporad},
  journal={2012 IEEE 51st IEEE Conference on Decision and Control (CDC)},
  year={2012},
  pages={4235-4240}
}
@article{Kanungo2002AnEK,
  title={An Efficient k-Means Clustering Algorithm: Analysis and Implementation},
  author={T. Kanungo and D. Mount and N. Netanyahu and C. Piatko and R. Silverman and A. Wu},
  journal={IEEE Trans. Pattern Anal. Mach. Intell.},
  year={2002},
  volume={24},
  pages={881-892}
}
@article{Sjberg1995NonlinearBM,
  title={Nonlinear black-box modeling in system identification: a unified overview},
  author={J. Sj{\"o}berg and Q. Zhang and L. Ljung and A. Benveniste and B. Delyon and P. Glorennec and H. Hjalmarsson and A. Juditsky},
  journal={Autom.},
  year={1995},
  volume={31},
  pages={1691-1724}
}

@INPROCEEDINGS{7039601,

  author={Akametalu, Anayo K. and Fisac, Jaime F. and Gillula, Jeremy H. and Kaynama, Shahab and Zeilinger, Melanie N. and Tomlin, Claire J.},

  booktitle={53rd IEEE Conference on Decision and Control}, 

  title={Reachability-based safe learning with Gaussian processes}, 

  year={2014},

  volume={},

  number={},

  pages={1424-1431},

  doi={10.1109/CDC.2014.7039601}}


@inproceedings{Berkenkamp2017SafeMR,
  title={Safe Model-based Reinforcement Learning with Stability Guarantees},
  author={Felix Berkenkamp and Matteo Turchetta and Angela P. Schoellig and Andreas Krause},
  booktitle={NIPS},
  year={2017}
}


